<?xml version="1.0" encoding="UTF-8"?><record xmlns="http://www.loc.gov/MARC21/slim" xmlns:cinclude="http://apache.org/cocoon/include/1.0" xmlns:zs="http://www.loc.gov/zing/srw/">
  <leader>00473nz  a2200121n  4500</leader>
  <controlfield tag="001">n  85304082 </controlfield>
  <controlfield tag="003">DLC</controlfield>
  <controlfield tag="005">19870328070749.3</controlfield>
  <controlfield tag="008">870306n| acannaab|          |n aaa ||| b</controlfield>
  <datafield tag="010" ind1=" " ind2=" ">
    <subfield code="a">n  85304082 </subfield>
  </datafield>
  <datafield tag="040" ind1=" " ind2=" ">
    <subfield code="a">DNLM</subfield>
    <subfield code="c">DLC</subfield>
    <subfield code="d">DLC</subfield>
  </datafield>
  <datafield tag="100" ind1="1" ind2="0">
    <subfield code="a">DeCampo, John F.</subfield>
  </datafield>
  <datafield tag="670" ind1=" " ind2=" ">
    <subfield code="a">Lau, L.S.W. Notes on radiological diagnosis, c1985:</subfield>
    <subfield code="b">t.p. (John F. DeCampo) 5th prelim. p. (M.B.B.S. (Melb), F.R.A.C.R.; associate, Dept. of Paed., U. of Melbourne; cons. radiol., Royal Children's Hosp., Melbourne)</subfield>
  </datafield>
</record>